@misc{CHILDES,
    author={CHILDES},
    title={CHILDES-i andmebaas},
    howpublished={\url{http://childes.psy.cmu.edu/data/}},
    year={2016},
    note={06.05.2015}
}

@article{Argus2007,
    author={Argus, Reili},
    title={Eesti lastekeelekorpuse morfoloogilisest märgendamisest},
    year={2007},
    journal={Tallinna ülikooli keelekorpuste optimaalsus, töötlemine ja kasutamine},
    publisher={Tallinna Ülikooli Kirjastus},
    organization={Tallinna Ülikool, Filoloogiateaduskond (struktuuriüksus muutunud), Eesti filoloogia osakond, Eesti keele õppetool},
    pages={65-86},
    editor={Eslon, Pille}
}
@inbook {Gillis,
    title = {Child Language Data Exchange System},
    booktitle = {Encyclopedia of Language Development},
    year = {2014},
    pages = {74-78},
    issn = {9781452258768},
    author = {Gillis, Steven},
    editor = {Brooks, P. and Kempe, V.}
}

@article{KR,
    author={Muischnek, Kadri and Orav, Heili and Kaalep, Heiki and \~Oim, Haldur},
    title={Eesti keele tehnoloogilised ressursid ja vahendid. Arvutikorpused, arvutisõnastikud, keeletehnoloogiline tarkvara},
    year={2003},
    publisher={Eesti Keele Sihtasutus},
    organization={Tartu Ülikool},
    pages={1-86},
    editor={Eslon, Pille}
}

@phdthesis{M2000,
    author={Müürisep, Kaili},
    title={Eesti keele arvutigrammatika: süntaks},
    type={doktoritöö},
    school={Tartu Ülikool},
    year={2000}
}

@article{KR,
    author={Muischnek, Kadri and Orav, Heili and Kaalep, Heiki-Jaan and \~Oim, Haldur},
    title={Eesti keele tehnoloogilised ressursid ja vahendid. Arvutikorpused, arvutisõnastikud, keeletehnoloogiline tarkvara},
    year={2003},
    publisher={Eesti Keele Sihtasutus},
    organization={Tartu Ülikool},
    pages={1-86},
    editor={Eslon, Pille}
}

@article{KV,
    author={Kaalep, Heiki-Jaan and Vaino, Tarmo},
    title={Teksti täielik morfoloogiline analüüs lingvisti töövahendite komplektis},
    year={2000},
    journal={Tartu Ülikooli üldkeeleteaduse õppetooli toimetised 1},
    organization={Tartu Ülikool},
    pages={87-101},
    editor={Hennoste, Tiit}
}

@article{M_OK2015,
    author={Muischnek, Kadri},
    title={Keelekorpused – sama mitmekesised kui keel ise},
    journal={Oma Keel},
    volume={1},
    pages={37-44},
    year="2015",
}


@misc{eTenTen,
  author={eTenTen},
  year={2015},
  title={eTenTen},
  howpublished={\url{http://www2.keeleveeb.ee/dict/corpus/ettenten/about.html}},
  note={05.03.2015}
}

@misc{Keelekogu,
  year={2015},
  title={Korpused ja keelekogud},
  howpublished={\url{http://www.keel.ut.ee/et/keelekogud}},
  note={05.03.2015}
}

@misc{CHAT,
  author={MacWhinney, Brian},
  year={2016},
  title={Part 1: The CHAT Transcription Format. The CHILDES Project: Tools for Analyzing Talk -- Electronic Edition},
  howpublished={\url{http://childes.psy.cmu.edu/manuals/CHAT.pdf}},
  note={18.04.2016}
}

@misc{CHATTER,
  year={2016},
  title={Chatter tarkvara},
  howpublished={\url{http://talkbank.org/software/chatter.html}},
  note={18.04.2016}
}

@misc{XML,
  year={2016},
  title={XML Tutorial},
  howpublished={\url{http://www.w3schools.com/xml/default.asp}},
  note={18.04.2016}
}


@misc {Gries,
    title = {Linguistic annotation in/for corpus linguistics},
    year = {2016},
    pages = {1--28},
    author = {Gries, Stefan Th. and Andrea L. Berez},
    howpublished={\url{http://www.linguistics.ucsb.edu/faculty/stgries/research/InProgr_STG_ALB_LingAnnotCorpLing_HbOfLingAnnot.pdf}},
}


@misc {UUSMEEDIA,
    title = {Korpuslingvistiline lähenemine eesti internetikeele automaatsele morfoloogilisele analüüsile},
    year = {2016},
    pages = {1--28},
    author = {Muischnek, Kadri and Kaalep, Heiki-Jaan and Sirel, Raul},
    howpublished={\url{http://www.keeleveeb.ee/dict/corpus/comments/uue_meedia_morf.pdf}},
    note={11.05.2016}
}


@article{Sonaliik,
    author={Muischnek, Kadri and Vider, Kadri},
    title={Sõnaliigituse kitsaskohad eesti keele arvutianalüüsis},
    journal={Eesti Rakenduslingvistika Ühingu aastaraamat},
    volume={1},
    pages={99-114},
    year="2004",
}

@article{Sonaliik2,
    author={Kaalep, Heiki-Jaan and Muischnek, Kadri and Müürisep, Kaili and Rääbis, Andriela and Habicht, Külli},
    title={Kas tegelik tekst allub eesti keele morfoloogilistele kirjeldustele? Eesti keele testkorpuse morfosüntaktilise märgendamise kogemusest.},
    journal={Keel ja Kirjandus},
    volume={9},
    pages={623--633},
    year="2000",
}

@article{Hennoste,
    author={Hennoste, Tiit},
    title={Suulise kõne uurimine ja sõnaliigi probleemid},
    journal={Teoreetiline keeleteadus Eestis. Tartu Ülikooli üldkeeleteaduse õppetooli toimetised},
    volume={4},
    pages={56--73},
    year="2002",
}

@article{IMITATIIV,
    author={Argus, Reili},
    title={Imitatiivide kohast lastekeeles: reduplikatsioonist, morfoloogiast ja sõnaliigilisest ambivalentsusest},
    journal={Eesti Rakenduslingvistika Ühingu aastaraamat},
    volume={1},
    pages={19-34},
    year="2004",
}

@book{KORPUS,
    author    = {McEnery, Tony and Hardie, Andrew},
    title     = {Corpus Linguistics. Method, Theory and Practice},
    publisher = {Cambridge University Press},
    year      = "2011"}


@misc {Gries,
    title = {Linguistic annotation in/for corpus linguistics},
    year = {2016},
    pages = {1--28},
    author = {Gries, Stefan Th. and Andrea L. Berez},
    howpublished={\url{http://www.linguistics.ucsb.edu/faculty/stgries/research/InProgr_STG_ALB_LingAnnotCorpLing_HbOfLingAnnot.pdf}},
}


@book{BURNARD,
    author    = {Burnard, Lou},
    title     = { What is the Text Encoding Initiative? How to add intelligent markup to digital resources},
    publisher = {OpenEdition Press},
    year      = "2014"}


@misc {LEECH,
    title = {Adding Linguistic Annotation},
    year = {2005},
    pages = {17--29},
    author = {Leech, Geoffrey},
    howpublished={\url{http://www.ahds.ac.uk/creating/guides/linguistic-corpora/chapter2.htm}},
    note={11.05.2016}
}


@article{Korgesaar,
    author={Kõrgesaar, Helen and Kapanen, Airi},
    title={Kui lapsega ei räägi üksnes ema: valik termineid Eesti laste- ja hoidjakeele kohta.},
    journal={Eesti Rakenduslingvistika Ühingu aastaraamat},
    volume={11},
    pages={177-188},
    year="2015",
}

@article{Argus_1,
    author={Argus, Reili},
    title={Eesti keele käändesüsteemi omandamine: esimestest sõnadest miniparadigmadeni.},
    journal={Emakeele Seltsi aastaraamat},
    volume={49},
    pages={23-48},
    year="2004",
}

@article{BeyondBabytalk,
    author={Soderstrom, Melanie},
    title={Beyond babytalk: Re-evaluating the nature and content of speech input to preverbal infants},
    year={2007},
    journal={Developmental Review 27},
    pages={501--532},
}

@article{LIEVEN,
    author={Lieven, Elena V. M.},
    title={Input and first language acquisition: Evaluating the role of frequency},
    year={2010},
    journal={Lingua 120},
    pages={2546--2556},
}

@article{Theakston,
    author={Theakston, Anna L. and Lieven, Elena V. M. and Pine, Julian M. and Rowland, Caroline F.},
    title={Going, going, gone: the acquisition of the verb ‘go’.},
    year={2002},
    journal={Journal of Child Language 29},
    pages={783--811},
}

@article{Poola,
    author={Krajewski, Grzegorz and Theakston, Anna L. and Lieven, Elena V. M.},
    title={Productivity of a Polish child’s inflectional noun morphology: a naturalistic study},
    year={2012},
    journal={Morphology},
    pages={9--34},
}



@article{Hispaania,
    author = {Aguado-Orea, Javier AND Pine, Julian M.},
    journal = {PLoS ONE},
    publisher = {Public Library of Science},
    title = {Comparing Different Models of the Development of Verb Inflection in Early Child Spanish},
    year = {2015},
    volume = {10},
    pages = {1-21},
    number = {3},
}

@phdthesis{ARGUSdiss,
    author={Argus, Reili},
    title={Eesti keele muutemorfoloogia omandamine.},
    type={doktoritöö},
    school={Tallinna Ülikool},
    year={2008}
}


@article{ARGUS_2,
    author={Argus, Reili},
    title={Kuidas Eesti laps vormimoodustuse omandab.},
    journal={Oma Keel},
    number={16},
    pages={17-26},
    year="2008",
}

@phdthesis{Orusalu,
    author={Orusalu, Silja},
    title={Lastega suhtlemise erisõnavara.},
    type={diplomitöö},
    school={Tartu Ülikool},
    year={2008}
}


@article{Korgesaar2,
    author={Kõrgesaar, Helen},
    title={Hoidjakeelele omastest joontest.},
    journal={Oma Keel},
    number={2},
    pages={28--37},
    year="2009",
}

@phdthesis{Vider,
    author={Vider, Kadri},
    title={2--3-aastaste eesti laste sõnavara.},
    type={diplomitöö},
    school={Tartu Ülikool},
    year={1995}
}

@article{Argus_3,
    author={Argus, Reili and Kõrgesaar, Helen},
    title={Sõnaliigid eesti lapse kõnes ja lapsele suunatud kõnes.},
    journal={Eesti Rakenduslingvistika Ühingu aastaraamat},
    volume={10},
    pages={37-53},
    year="2014",
}


@book{Baayen,
    author    = {Baayen, Rolf Harald},
    title     = {Word Frequency Distributions.},
    publisher = {Kluwer Academic Publishers},
    year      = "2001"
}

@article{Hennoste,
    author={Hennoste, Tiit},
    title={Suulise eesti keele uurimine: transkriptsioon, taust ja korpus.},
    journal={Keel ja Kirjandus},
    volume={2},
    pages={92--106},
    year="2000",
}

@misc{VABAMORF,
    title={Vabamorfi morfoloogia-leksikon},
    howpublished={\url{https://raw.githubusercontent.com/Filosoft/vabamorf/master/doc/morfi_leksikoni_kirjeldus.html/}},
    year={2016},
    note={16.05.2015}
}


@article{ChoiGopnik,
    author={Choi, Soonja and Gopnik, Alison},
    title={Early acquisition of verbs in Korean: a cross-linguistic study.},
    journal={Journal of Child Language},
    volume={22},
    pages={497--529},
    year="1995",
}

@article{Tardif,
    author={Tardif, Twila},
    title={Nouns are not always learned before verbs: evidence from Mandarin speakers’ early vocabularies.},
    journal={Journal of Child Language},
    volume={32},
    pages={492--504},
    year="1996",
}

@article{Gentner,
    author={Gentner, Dedre},
    title={Why nouns are learned before verbs: linguistic relativity vs. natural partitioning.},
    journal={Language development Vol 2: Language, thought and culture},
    pages={301--334},
    year="1982",
}


@article{SnowMacWhinney,
    author={MacWhinney, Brian and Snow, Catherine},
    title={The child language data exchange system.},
    journal={Journal of Child Language 12},
    pages={271--296},
    year="1985",
}

@article{Behrens,
    author={Behrens, Heike},
    title={Corpora in Language Acquisition Research: History, methods, perspectives},
    journal={Corpora in Language Acquisition Research: History, methods, perspectives},
    pages={11--30},
    year="2008",
}

@article{Ochs,
    author={Ochs, Elinor},
    title={Transcription as theory},
    journal={Developmental pragmatics},
    pages={43--72},
    year="1979",
}

